@phdthesis{pichardie2005interpretation,
  title={Interpr{\'e}tation abstraite en logique intuitionniste: extraction
         dâ€™analyseurs Java certifi{\'e}s},
  author={Pichardie, David},
  year={2005},
  school={University Rennes 1},
  note={French}
}

@mastersthesis{Monniaux3,
  author = {David Monniaux},
  title = {R\'ealisation m\'ecanis\'ee d'interpr\'eteurs abstraits},
  school = {Universit\'e Paris VII},
  year = 1998,
  type = {Rapport de {DEA}},
  note = {French},
  dvi = {http://www-verimag.imag.fr/~monniaux/biblio/David_Monniaux_3.dvi.gz},
  pdf = {http://www-verimag.imag.fr/~monniaux/biblio/David_Monniaux_3.pdf}
}
    
@article{keidel2018compositional,
  title={Compositional soundness proofs of abstract interpreters},
  author={Keidel, Sven and Poulsen, Casper Bach and Erdweg, Sebastian},
  journal={Proceedings of the ACM on Programming Languages},
  volume={2},
  number={ICFP},
  pages={72},
  year={2018},
  publisher={ACM}
}

@phdthesis{jourdan2016verasco,
  title={Verasco: a formally verified C static analyzer},
  author={Jourdan, Jacques-Henri},
  year={2016},
  school={Universite Paris Diderot-Paris VII}
}

@inproceedings{darais2016constructive,
  title={Constructive Galois connections: taming the Galois connection framework for mechanized metatheory},
  author={Darais, David and Van Horn, David},
  booktitle={ACM SIGPLAN Notices},
  volume={51},
  number={9},
  pages={311--324},
  year={2016},
  organization={ACM}
}

@inproceedings{sozeau2008first,
  title={First-class type classes},
  author={Sozeau, Matthieu and Oury, Nicolas},
  booktitle={International Conference on Theorem Proving in Higher Order Logics},
  pages={278--293},
  year={2008},
  organization={Springer}
}

@article{kleisli1965every,
  title={Every standard construction is induced by a pair of adjoint functors},
  author={Kleisli, Heinrich},
  journal={Proceedings of the American Mathematical Society},
  volume={16},
  number={3},
  pages={544--546},
  year={1965},
  publisher={JSTOR}
}

@article{morris2013type,
  title={Type Classes and Instance Chains: A Relational Approach},
  author={Morris, John Garrett},
  year={2013}
}

@inproceedings{wadler1989make,
  title={How to make ad-hoc polymorphism less ad hoc},
  author={Wadler, Philip and Blott, Stephen},
  booktitle={Proceedings of the 16th ACM SIGPLAN-SIGACT symposium on Principles of programming languages},
  pages={60--76},
  year={1989},
  organization={ACM}
}

@inproceedings{wadler1995monads,
    title={Monads for functional programming},
    author={Wadler, Philip},
    booktitle={International School on Advanced Functional Programming},
    pages={24--52},
    year={1995},
    organization={Springer}
}


@misc{coqintroduction,
	title={A Short Introduction to Coq},
	howpublished = {\url{https://coq.inria.fr/a-short-introduction-to-coq}},
	note = {Accessed: 2019-06-25},
}

@misc{coqwiki_extensionality,
    title={CoqAndAxioms},
    howpublished = {\url{https://github.com/coq/coq/wiki/CoqAndAxioms}},
    note = {Accessed: 2020-03-04},
}

@inproceedings{cousot1979systematic,
    title={Systematic design of program analysis frameworks},
    author={Cousot, Patrick and Cousot, Radhia},
    booktitle={Proceedings of the 6th ACM SIGACT-SIGPLAN symposium on
               Principles of programming languages},
    pages={269--282},
    year={1979},
    organization={ACM}
}

@inproceedings{cousot1977abstract,
    title={Abstract interpretation: a unified lattice model for static
           analysis of programs by construction or approximation of
           fixpoints},
    author={Cousot, Patrick and Cousot, Radhia},
    booktitle={Proceedings of the 4th ACM SIGACT-SIGPLAN symposium on
               Principles of programming languages},
    pages={238--252},
    year={1977},
    organization={ACM}
}

@article{cousot1999calculational,
    title={The calculational design of a generic abstract interpreter},
    author={Cousot, Patrick},
    journal={NATO ASI SERIES F COMPUTER AND SYSTEMS SCIENCES},
    volume={173},
    pages={421--506},
    year={1999},
    publisher={SPRINGER VERLAG}
}

@article{graham1976fast,
    title={A fast and usually linear algorithm for global flow analysis},
    author={Graham, Susan L and Graham, Susan L and Wegman, Mark},
    journal={Journal of the ACM (JACM)},
    volume={23},
    number={1},
    pages={172--202},
    year={1976},
    publisher={ACM}
}

@article{kam1977monotone,
    title={Monotone data flow analysis frameworks},
    author={Kam, John B and Ullman, Jeffrey D},
    journal={Acta Informatica},
    volume={7},
    number={3},
    pages={305--317},
    year={1977},
    publisher={Springer}
}

@inproceedings{kildall1973unified,
    title={A unified approach to global program optimization},
    author={Kildall, Gary A},
    booktitle={Proceedings of the 1st annual ACM SIGACT-SIGPLAN symposium
               on Principles of programming languages},
    pages={194--206},
    year={1973},
    organization={ACM}
}

@article{rosen1980monoids,
    title={Monoids for rapid data flow analysis},
    author={Rosen, Barry K},
    journal={SIAM Journal on Computing},
    volume={9},
    number={1},
    pages={159--196},
    year={1980},
    publisher={SIAM}
}

@techreport{tarjan1976iterative,
    title={Iterative algorithms for global flow analysis},
    author={Tarjan, Robert Endre},
    year={1976},
    institution={Computer Science Department, School of Humanities and
                 Sciences, Univ.}
}

@article{wegbreit1975property,
    title={Property extraction in well-founded property sets},
    author={Wegbreit, Ben},
    journal={IEEE Transactions on software engineering},
    number={3},
    pages={270--285},
    year={1975},
    publisher={IEEE}
}

@phdthesis{coquand1986calculus,
    title={The calculus of constructions},
    author={Coquand, Thierry and Huet, G{\'e}rard},
    year={1986},
    school={INRIA}
}

@article{darais2017abstracting,
    title={Abstracting definitional interpreters (functional pearl)},
    author={Darais, David and Labich, Nicholas and Nguyen, Ph{\'u}c C and
            Van Horn, David},
    journal={Proceedings of the ACM on Programming Languages},
    volume={1},
    number={ICFP},
    pages={12},
    year={2017},
    publisher={ACM}
}

@inproceedings{reynolds1972definitional,
    title={Definitional interpreters for higher-order programming languages},
    author={Reynolds, John C},
    booktitle={Proceedings of the ACM annual conference-Volume 2},
    pages={717--740},
    year={1972},
    organization={ACM}
}

@article{hughes2000generalising,
  title={Generalising monads to arrows},
  author={Hughes, John},
  journal={Science of computer programming},
  volume={37},
  number={1-3},
  pages={67--111},
  year={2000},
  publisher={Elsevier}
}

@article{petricek2018we,
    title={What we talk about when we talk about monads},
    author={Petricek, Tomas},
    journal={The Art, Science, and Engineering of Programming},
    volume={2},
    number={3},
    pages={12},
    year={2018},
    publisher={AOSA}
}

@inproceedings{sergey2013monadic,
    title={Monadic abstract interpreters},
    author={Sergey, Ilya and Devriese, Dominique and Might, Matthew and
            Midtgaard, Jan and Darais, David and Clarke, Dave and Piessens,
            Frank},
    booktitle={Proceedings of the 34th ACM SIGPLAN conference on Programming
               language design and implementation},
    pages={399--410},
    year={2013}
}

@article{darais2019constructive,
    title={Constructive galois connections},
    author={Darais, David and Van Horn, David},
    journal={Journal of Functional Programming},
    volume={29},
    year={2019},
    publisher={Cambridge University Press}
}

@article{darais2015galois,
    title={Galois transformers and modular abstract interpreters: reusable
           metatheory for program analysis},
    author={Darais, David and Might, Matthew and Van Horn, David},
    journal={ACM SIGPLAN Notices},
    volume={50},
    number={10},
    pages={552--571},
    year={2015},
    publisher={ACM New York, NY, USA}
}

